@INPROCEEDINGS{lneat,  author={Chen, Lin and Alahakoon, Damminda},  booktitle={2006 International Conference on Information and Automation},   title={NeuroEvolution of Augmenting Topologies with Learning for Data Classification},   year={2006},  volume={},  number={},  pages={367-371},  doi={10.1109/ICINFA.2006.374100}}

@INPROCEEDINGS{neatsurvey,  author={Ibrahim, Mohamed Yilmaz and Sridhar, Rangarajan and Geetha, T.V. and Deepika, S.S.},  booktitle={2019 11th International Conference on Advanced Computing (ICoAC)},   title={Advances in Neuroevolution through Augmenting Topologies â€“ A Case Study},   year={2019},  volume={},  number={},  pages={111-116},  doi={10.1109/ICoAC48765.2019.246825}}

@incollection{codeepneat,
  title={Evolving deep neural networks},
  author={Miikkulainen, Risto and Liang, Jason and Meyerson, Elliot and Rawal, Aditya and Fink, Daniel and Francon, Olivier and Raju, Bala and Shahrzad, Hormoz and Navruzyan, Arshak and Duffy, Nigel and others},
  booktitle={Artificial intelligence in the age of neural networks and brain computing},
  pages={293--312},
  year={2019},
  publisher={Elsevier}
}

@article{eqprop,
  title={Equilibrium propagation: Bridging the gap between energy-based models and backpropagation},
  author={Scellier, Benjamin and Bengio, Yoshua},
  journal={Frontiers in computational neuroscience},
  volume={11},
  pages={24},
  year={2017},
  publisher={Frontiers Media SA}
}

@article{neat,
  title={Evolving neural networks through augmenting topologies},
  author={Stanley, Kenneth O and Miikkulainen, Risto},
  journal={Evolutionary computation},
  volume={10},
  number={2},
  pages={99--127},
  year={2002},
  publisher={MIT Press}
}

@article{backprop,
  title={Learning representations by back-propagating errors},
  author={Rumelhart, David E and Hinton, Geoffrey E and Williams, Ronald J},
  journal={nature},
  volume={323},
  number={6088},
  pages={533--536},
  year={1986},
  publisher={Nature Publishing Group}
}

@article{jardware_neat,
  title={Enabling Continuous Learning through Neural Network Evolution in Hardware},
  author={Samajdar, Ananda and Garg, Kartikay and Krishna, Tushar},
  year={2018}
}

@article{hardware_eq,
  title={Training end-to-end analog neural networks with equilibrium propagation},
  author={Kendall, Jack and Pantone, Ross and Manickavasagam, Kalpana and Bengio, Yoshua and Scellier, Benjamin},
  journal={arXiv preprint arXiv:2006.01981},
  year={2020}
}

@ARTICLE{fgbfpmsa,  author={Wunderlich, Richard B. and Adil, Farhan and Hasler, Paul},  journal={IEEE Transactions on Very Large Scale Integration (VLSI) Systems},   title={Floating Gate-Based Field Programmable Mixed-Signal Array},   year={2013},  volume={21},  number={8},  pages={1496-1505},  doi={10.1109/TVLSI.2012.2211049}}

@INPROCEEDINGS{fpaa-neural-network,  author={Puxuan Dong and Bilbro, G.L. and Mo-Yuen Chow},  booktitle={The 2006 IEEE International Joint Conference on Neural Network Proceedings},   title={Implementation of Artificial Neural Network for Real Time Applications Using Field Programmable Analog Arrays},   year={2006},  volume={},  number={},  pages={1518-1524},  doi={10.1109/IJCNN.2006.246613}}

@INPROCEEDINGS{runtime-partial-reconfiguration-speed,  author={Liu, Ming and Kuehn, Wolfgang and Lu, Zhonghai and Jantsch, Axel},  booktitle={2009 International Conference on Field Programmable Logic and Applications},   title={Run-time Partial Reconfiguration speed investigation and architectural design space exploration},   year={2009},  volume={},  number={},  pages={498-502},  doi={10.1109/FPL.2009.5272463}}

@INPROCEEDINGS{runtime-partial-reconfiguration-reliability,  author={Alkady, Gehad I. and El-Araby, Nahla A. and Abdelhalim, M. B. and Amer, H. H. and Madian, A. H.},  booktitle={2015 4th Mediterranean Conference on Embedded Computing (MECO)},   title={Dynamic fault recovery using partial reconfiguration for highly reliable FPGAs},   year={2015},  volume={},  number={},  pages={56-59},  doi={10.1109/MECO.2015.7181865}}

@inproceedings{pole2d,
  title={2-d pole balancing with recurrent evolutionary networks},
  author={Gomez, Faustino and Miikkulainen, Risto},
  booktitle={International Conference on Artificial Neural Networks},
  pages={425--430},
  year={1998},
  organization={Springer}
}

@online{neatcpp,
  author = {Kenneth Stanley},
  title = {{NEAT} implementation in C++},
  year = 2010,
  url = {https://nn.cs.utexas.edu/?neat-c},
  urldate = {2022-11-7}
}